@MastersThesis{amar_thesis,
 author = {A. J. Amar},
 title = {Modeling of One-Dimensional Ablation with Porous Flow Using Finite Control Volume Procedure},
 school = {North Carolina State University},
 year = {2006},
}

@PhdThesis{wiebenga_thesis,
 author = {J. E. Wiebenga},
 title = {High-Fidelity Material Response Modeling as Part of an Aerothermoelastic
Framework for Hypersonic Flows},
 school = {University of Michigan},
 year = {2012},
}

@PhdThesis{scalabrin_thesis,
 author = {L. C. Scalabrin},
 title = {Numerical Simulation of Weakly Ionized Hypersonic Flow Over Reentry Capsules},
 school = {University of Michigan},
 year = {2007},
}

@article{kuntz
,author = "D. W. Kuntz and B. Hassan and D. L. Potter"
,title = "Predictions of Ablating Hypersonic Vehicles Using an Iterative Coupled Fluid/Thermal Approach"
,journal = "Journal of Thermophysics and Heat Transfer"
,volume = 15
,number = 2
,year = 2001
,pages = {129-139}
}

@manual{ACE_SNL1969,
	title        = "Aerotherm Chemical Equilibrium (ACE) Computer Program - User's Manual",
	author       = "Powars, C. A. and Kendall, R. M.",
	organization = "Aerotherm Corporation",
	address      = "Mountain View, CA",
	year         = "1969",
	month        = "May",
}

@article{alex
,author = "A. Martin and I. D. Boyd"
,title = "Strongly coupled computation of material response and nonequilibrium flow for hypersonic ablation"
,journal = "41st AIAA Thermophysics Conference"
,volume =  "Paper 2009-3597"
,year = 2009
}

@TechReport{hippo,
	title        = {Subscale Solid Motor Nozzle Tests - {Phase IV} and Nozzle Materials Screening and Thermal Characterization - {Phase V}},
	author       = "Arnold, J., Dodson, J. and Laub, B.",
	institution = "NASA",
	year         = "1979",
	number      = {NASA-CR-161254},
}



